<?xml version="1.0" encoding="UTF-8"?><collection xmlns="http://www.loc.gov/MARC21/slim"><record><leader>00680nam--2200193-i-4500</leader><controlfield tag="001">000029959</controlfield><controlfield tag="002">20161230</controlfield><controlfield tag="005">20170103173029</controlfield><controlfield tag="008">060222s1000------------r-----000-0-eng-d</controlfield><datafield ind1=" " ind2=" " tag="040"><subfield code="a">IFIN-HH</subfield></datafield><datafield ind1=" " ind2=" " tag="080"><subfield code="a">577.345(061.3)</subfield></datafield><datafield ind1="1" ind2=" " tag="100"><subfield code="a">Pratesi, R</subfield></datafield><datafield ind1="1" ind2="0" tag="245"><subfield code="a">Lasers in photomedicine and photobiology</subfield><subfield code="b">Proceedings of the European Physical Society, Quantum Electronics Division, conference, Florence, Italy, September 3-6, 1979</subfield><subfield code="c">R. Pratesi; C.A. Sacchi (Eds.)</subfield></datafield><datafield ind1=" " ind2=" " tag="260"><subfield code="a">New York</subfield><subfield code="b">Springer-Verlag</subfield><subfield code="c">1980</subfield></datafield><datafield ind1=" " ind2=" " tag="300"><subfield code="a">XII + 235 p</subfield></datafield><datafield ind1=" " ind2=" " tag="490"><subfield code="a">Springer Series In Optical Sciences</subfield><subfield code="v">Vol. 22</subfield></datafield><datafield ind1="1" ind2=" " tag="700"><subfield code="a">Sacchi, C.A</subfield><subfield code="e">Ed</subfield></datafield><datafield ind1=" " ind2=" " tag="852"><subfield code="a">44207</subfield><subfield code="c">535</subfield></datafield><datafield ind1=" " ind2=" " tag="CAT"><subfield code="a">SYS</subfield><subfield code="c">20170103</subfield><subfield code="h">173029</subfield></datafield></record></collection>